<?xml version="1.0" encoding="UTF-8"?><collection xmlns="http://www.loc.gov/MARC21/slim"><record><leader>00580nam--2200205-u-4500</leader><controlfield tag="001">000052949</controlfield><controlfield tag="002">20161230</controlfield><controlfield tag="005">20161230201050</controlfield><controlfield tag="008">101130s1000------------r-----000-0-eng-d</controlfield><datafield ind1=" " ind2=" " tag="020"><subfield code="a">0849382904</subfield></datafield><datafield ind1=" " ind2=" " tag="040"><subfield code="a">IFIN-HH</subfield></datafield><datafield ind1=" " ind2=" " tag="080"><subfield code="a">535(53.07:53.082.5)</subfield></datafield><datafield ind1="1" ind2=" " tag="100"><subfield code="a">Al-azzawi, Abdul</subfield></datafield><datafield ind1="1" ind2="0" tag="245"><subfield code="a">Photonics;</subfield><subfield code="b">Principles and practices</subfield><subfield code="c">Abdul al-azzawi</subfield></datafield><datafield ind1=" " ind2=" " tag="260"><subfield code="a">NEW YORK</subfield><subfield code="b">Taylor And Francis Group</subfield><subfield code="c">2007</subfield></datafield><datafield ind1=" " ind2=" " tag="300"><subfield code="a">917 P</subfield></datafield><datafield ind1=" " ind2=" " tag="490"><subfield code="a">Optical Science And Engineering</subfield><subfield code="v">Vol. 123</subfield></datafield><datafield ind1=" " ind2="0" tag="650"><subfield code="a">Optoelectronic Devices</subfield></datafield><datafield ind1=" " ind2=" " tag="852"><subfield code="a">82217</subfield><subfield code="c">535</subfield></datafield><datafield ind1=" " ind2=" " tag="CAT"><subfield code="a">Sys</subfield><subfield code="c">20101130</subfield><subfield code="h">122353</subfield></datafield></record></collection>